<collection xmlns="http://www.loc.gov/MARC21/slim">
<record>
  <leader>01480nam0a22003011i 450 </leader>
  <controlfield tag="001">IT\ICCU\CNCE\070879</controlfield>
  <controlfield tag="005">20070612000000.0</controlfield>
  <datafield tag="012" ind1=" " ind2=" ">
    <subfield code="a">doe- e,o- etua nosp (C) 1539 (A)</subfield>
    <subfield code="2">fei</subfield>
  </datafield>
  <datafield tag="100" ind1=" " ind2=" ">
    <subfield code="a">20070606d1539        0itac0103    ba</subfield>
  </datafield>
  <datafield tag="101" ind1=" " ind2=" ">
    <subfield code="a">ITA</subfield>
  </datafield>
  <datafield tag="102" ind1=" " ind2=" ">
    <subfield code="a">IT</subfield>
  </datafield>
  <datafield tag="200" ind1="1" ind2=" ">
    <subfield code="a">Historia della passione del saluator nostro Iesu Christo ridutta di tutti quattro li Euangelisti in uno ordine per Tullio Crispoldo da Riete</subfield>
  </datafield>
  <datafield tag="210" ind1=" " ind2=" ">
    <subfield code="e">Stampato in Verona</subfield>
    <subfield code="g">per Antonio &amp; fratelli da Portese</subfield>
    <subfield code="h">del mese de zugno 1539</subfield>
  </datafield>
  <datafield tag="215" ind1=" " ind2=" ">
    <subfield code="a">\16! c.</subfield>
    <subfield code="d">8ʻ</subfield>
  </datafield>
  <datafield tag="300" ind1=" " ind2=" ">
    <subfield code="a">Descr. basata su esempl. acefalo: cfr. Ind. Aur. 147.150</subfield>
  </datafield>
  <datafield tag="620" ind1=" " ind2=" ">
    <subfield code="a">IT</subfield>
    <subfield code="d">Verona</subfield>
  </datafield>
  <datafield tag="700" ind1=" " ind2="1">
    <subfield code="a">Crispolti,</subfield>
    <subfield code="b">Tullio</subfield>
    <subfield code="3">IT\ICCU\CNCA\003582</subfield>
  </datafield>
  <datafield tag="712" ind1="0" ind2="0">
    <subfield code="a">Putelletto, Antonio</subfield>
    <subfield code="3">IT\ICCU\CNCT\000732</subfield>
    <subfield code="4">650</subfield>
  </datafield>
  <datafield tag="790" ind1=" " ind2="1">
    <subfield code="a">Crispoldo,</subfield>
    <subfield code="b">Tullio</subfield>
    <subfield code="3">IT\ICCU\CNCA\010136</subfield>
    <subfield code="z">Crispolti, Tullio</subfield>
  </datafield>
  <datafield tag="790" ind1=" " ind2="1">
    <subfield code="a">Crispolti Gaetani,</subfield>
    <subfield code="b">Tullio</subfield>
    <subfield code="3">IT\ICCU\CNCA\013868</subfield>
    <subfield code="z">Crispolti, Tullio</subfield>
  </datafield>
  <datafield tag="791" ind1="0" ind2="0">
    <subfield code="a">Portese, Antonio</subfield>
    <subfield code="3">IT\ICCU\CNCT\002008</subfield>
    <subfield code="z">Putelletto, Antonio</subfield>
  </datafield>
  <datafield tag="791" ind1="0" ind2="0">
    <subfield code="a">Puteolo, Antonio</subfield>
    <subfield code="3">IT\ICCU\CNCT\002737</subfield>
    <subfield code="z">Putelletto, Antonio</subfield>
  </datafield>
  <datafield tag="791" ind1="0" ind2="0">
    <subfield code="a">Putelleto, Antonio</subfield>
    <subfield code="3">IT\ICCU\CNCT\005530</subfield>
    <subfield code="z">Putelletto, Antonio</subfield>
  </datafield>
  <datafield tag="791" ind1="0" ind2="0">
    <subfield code="a">Portesius, Antonius</subfield>
    <subfield code="3">IT\ICCU\CNCT\005532</subfield>
    <subfield code="z">Putelletto, Antonio</subfield>
  </datafield>
  <datafield tag="791" ind1="0" ind2="0">
    <subfield code="a">Puteolus, Antonius</subfield>
    <subfield code="3">IT\ICCU\CNCT\005534</subfield>
    <subfield code="z">Putelletto, Antonio</subfield>
  </datafield>
  <datafield tag="791" ind1="0" ind2="0">
    <subfield code="a">Putelletus, Antonius</subfield>
    <subfield code="3">IT\ICCU\CNCT\005537</subfield>
    <subfield code="z">Putelletto, Antonio</subfield>
  </datafield>
  <datafield tag="801" ind1=" " ind2="3">
    <subfield code="a">IT</subfield>
    <subfield code="b">ICCU</subfield>
    <subfield code="c">20201115</subfield>
  </datafield>
  <datafield tag="899" ind1=" " ind2=" ">
    <subfield code="a">Biblioteca dell&apos;Istituto italiano per gli studi storici. Napoli</subfield>
    <subfield code="1">NA0120</subfield>
    <subfield code="2">NAP CR</subfield>
  </datafield>
</record>
</collection>
